@ARTICLE{crochetlorenz,
    author = {Hinke M Osinga and Bernd Krauskopf},
    title = {Crocheting the Lorenz Manifold},
    journal = {The Mathematical Intelligencer},
    year = {2004},
    volume = {26},
    number = {4},
    pages = {25--37}
}
http://citeseerx.ist.psu.edu/viewdoc/summary?doi=10.1.1.108.4594

@ARTICLE{crochetplane,
    author = {David W Henderson and Daina Taimina},
    title = {Crocheting the Hyperbolic Plane},
    journal = {The Mathematical Intelligencer},
    year = {2001},
    volume = {23},
    number = {2},
    pages = {17--28}
}

@BOOK{happyhooker,
    author = {Debbie Stoller},
    title = {Stitch 'N Bitch Crochet: The Happy Hooker},
    publisher = {Workman Publishing},
    year = {2006}
}
http://www.amazon.com/Stitch-Bitch-Crochet-Happy-Hooker/dp/0761139850/

@BOOK{makingmath,
    editor = {Sarah-Marie Belcastro and Carolyn Yackel},
    title = {Making Mathematics with Needlework},
    publisher = {A K Peters},
    year = {2008}
}

@BOOK{magicalknitting,
    author = {Cat Bordhi},
    title = {A Treasury of Magical Knitting},
    publisher = {Passing Paws Press},
    year = {2004}
}

@BOOK{magicalknitting2,
    author = {Cat Bordhi},
    title = {A Second Treasury of Magical Knitting},
    publisher = {Passing Paws Press},
    year = {2005}
}

@INPROCEEDINGS{flavors,
    author = {James W Cannon and William J Floyd and Richard Kenyon and Walter R Parry},
    title = {Hyperbolic Geometry},
    booktitle = {Flavors of Geometry},
    year = {1997},
    pages = {59--115},
    publisher = {Cambridge University Press}
}

@ARTICLE{R3surfaces,
    author = {David W Henderson},
    title = {Extended hyperbolic surfaces in $\mathbb{R}^{3}$},
    journal = {Proc. Steklov Inst. Math.},
    year = {2004},
    number = {4},
    pages = {246--258}
}

@BOOK{adventures,
    author = {Daina Taimina},
    title = {Crocheting adventures with hyperbolic planes},
    publisher = {A K Peters, Ltd},
    year = {2009}
}

@BOOK{gauss,
    author = {Karl Friedrich Gauss},
    title = {General investigations of curved surfaces of 1827 and 1825},
    publisher = {Princeton University Library},
    year = {1902},
    note = {Translated with notes and a bibliography by J. C. Morehead and A. M. Hiltebeitel.}
}

@ARTICLE{madonna,
    author = {Madonna},
    title = {Material Girl},
    journal = {Like A Virgin},
    year = {1985}
}

@BOOK{singer,
    author = {David A Singer},
    title = {Geometry: Plane and Fancy},
    publisher = {Springer-Verlang},
    year = {1998}
}

@BOOK{thurston,
    author = {William Thurston},
    title = {Three-Dimensional Geometry and Topology},
    publisher = {Princeton University Press},
    volume = {1},
    year = {1997}
}
